<record><leader>00000cas a22000007a 4500</leader><controlfield tag="001">14877457</controlfield><controlfield tag="008">861126d19001974pauwr ne      0    0eng d</controlfield><datafield ind1=" " ind2=" " tag="010"><subfield code="a">sn 86082037 </subfield></datafield><datafield ind1=" " ind2=" " tag="040"><subfield code="a">NPH</subfield><subfield code="b">eng</subfield><subfield code="c">NPH</subfield><subfield code="d">OCLCQ</subfield></datafield><datafield ind1=" " ind2=" " tag="042"><subfield code="a">msc</subfield></datafield><datafield ind1="0" ind2="0" tag="245"><subfield code="a">Meyersdale Republican.</subfield></datafield><datafield ind1=" " ind2=" " tag="260"><subfield code="a">Meyersdale, Pa. :</subfield><subfield code="b">S.A. Kendall,</subfield><subfield code="c">-1974.</subfield></datafield><datafield ind1=" " ind2=" " tag="300"><subfield code="a">v. ;</subfield><subfield code="c">61 cm.</subfield></datafield><datafield ind1=" " ind2=" " tag="310"><subfield code="a">Weekly</subfield></datafield><datafield ind1="1" ind2=" " tag="362"><subfield code="a">Began with Aug. 16, 1900 issue?</subfield></datafield><datafield ind1="0" ind2=" " tag="362"><subfield code="a">-75th year, whole no. 3864 (Nov. 7, 1974).</subfield></datafield><datafield ind1=" " ind2=" " tag="500"><subfield code="a">Published every Thursday.</subfield></datafield><datafield ind1=" " ind2=" " tag="588"><subfield code="a">Description based on: Vol. 1, no. 2 (Aug. 23, 1900).</subfield></datafield><datafield ind1=" " ind2=" " tag="752"><subfield code="a">United States</subfield><subfield code="b">Pennsylvania</subfield><subfield code="c">Somerset</subfield><subfield code="d">Meyersdale.</subfield></datafield><datafield ind1="0" ind2="0" tag="785"><subfield code="t">Republic (Meyersdale, Pa.)</subfield><subfield code="w">(DLC)sn 86082038</subfield></datafield></record>